<record xmlns="http://www.loc.gov/MARC21/slim">
  <leader>01295ntm a2200349 i 4500</leader>
  <controlfield tag="001">6924868</controlfield>
  <controlfield tag="003">OCoLC</controlfield>
  <controlfield tag="005">20150331110123.0</controlfield>
  <controlfield tag="008">150331s1928    abc      m    000 0 eng d</controlfield>
  <datafield tag="035" ind1=" " ind2=" ">
    <subfield code="a">ocn907971171</subfield>
  </datafield>
  <datafield tag="039" ind1=" " ind2=" ">
    <subfield code="a">(OCoLC)905905988</subfield>
    <subfield code="f">OCLC</subfield>
  </datafield>
  <datafield tag="040" ind1=" " ind2=" ">
    <subfield code="a">AEU</subfield>
    <subfield code="b">eng</subfield>
    <subfield code="e">rda</subfield>
    <subfield code="c">LTSCA</subfield>
    <subfield code="d">AEU</subfield>
  </datafield>
  <datafield tag="050" ind1=" " ind2="4">
    <subfield code="a">BS680.M4</subfield>
    <subfield code="b">G37 1928</subfield>
  </datafield>
  <datafield tag="090" ind1=" " ind2=" ">
    <subfield code="a">BS 680 M4 G37 1928</subfield>
    <subfield code="b">AEU</subfield>
  </datafield>
  <datafield tag="100" ind1="1" ind2=" ">
    <subfield code="a">Garden, J. H.,</subfield>
    <subfield code="e">author.</subfield>
  </datafield>
  <datafield tag="245" ind1="1" ind2="0">
    <subfield code="a">St. Paul&apos;s conception of the Messiah /</subfield>
    <subfield code="c">by Rev. J.H. Garden.</subfield>
  </datafield>
  <datafield tag="246" ind1="3" ind2=" ">
    <subfield code="a">Saint Paul&apos;s conception of the Messiah</subfield>
  </datafield>
  <datafield tag="264" ind1=" " ind2="0">
    <subfield code="a">[Edmonton, Alberta] :</subfield>
    <subfield code="b">University of Alberta,</subfield>
    <subfield code="c">[1928]</subfield>
  </datafield>
  <datafield tag="300" ind1=" " ind2=" ">
    <subfield code="a">52 leaves ;</subfield>
    <subfield code="c">25 cm</subfield>
  </datafield>
  <datafield tag="336" ind1=" " ind2=" ">
    <subfield code="a">text</subfield>
    <subfield code="b">txt</subfield>
    <subfield code="2">rdacontent</subfield>
  </datafield>
  <datafield tag="337" ind1=" " ind2=" ">
    <subfield code="a">unmediated</subfield>
    <subfield code="b">n</subfield>
    <subfield code="2">rdamedia</subfield>
  </datafield>
  <datafield tag="338" ind1=" " ind2=" ">
    <subfield code="a">volume</subfield>
    <subfield code="b">nc</subfield>
    <subfield code="2">rdacarrier</subfield>
  </datafield>
  <datafield tag="500" ind1=" " ind2=" ">
    <subfield code="a">&quot;April, 1928.&quot;</subfield>
  </datafield>
  <datafield tag="500" ind1=" " ind2=" ">
    <subfield code="a">&quot;In candidacy for the degree of Bachelor of Divinity, University of Alberta.&quot;</subfield>
  </datafield>
  <datafield tag="502" ind1=" " ind2=" ">
    <subfield code="b">B. Div.</subfield>
    <subfield code="c">University of Alberta</subfield>
    <subfield code="d">1928.</subfield>
  </datafield>
  <datafield tag="596" ind1=" " ind2=" ">
    <subfield code="a">38</subfield>
  </datafield>
  <datafield tag="630" ind1="0" ind2="0">
    <subfield code="a">Bible.</subfield>
    <subfield code="p">Epistles of Paul</subfield>
    <subfield code="x">Theology.</subfield>
  </datafield>
  <datafield tag="630" ind1="0" ind2="0">
    <subfield code="a">Bible.</subfield>
    <subfield code="p">Epistles of Paul</subfield>
    <subfield code="x">Criticism, interpretation, etc.</subfield>
  </datafield>
  <datafield tag="650" ind1=" " ind2="0">
    <subfield code="a">Messiah</subfield>
    <subfield code="x">Religious aspects</subfield>
    <subfield code="x">Biblical teaching.</subfield>
  </datafield>
  <datafield tag="710" ind1="2" ind2=" ">
    <subfield code="a">University of Alberta.</subfield>
  </datafield>
  <datafield tag="949" ind1=" " ind2=" ">
    <subfield code="a">BS 680 M4 G37 1928</subfield>
    <subfield code="h">UABA-NL-B</subfield>
    <subfield code="i">0162034480218</subfield>
    <subfield code="o">29738</subfield>
    <subfield code="z">OCLC_ORIG</subfield>
  </datafield>
  <datafield tag="926" ind1=" " ind2=" ">
    <subfield code="a">UARCRF</subfield>
    <subfield code="b">ON_SHELF</subfield>
    <subfield code="c">BS 680 M4 G37 1928</subfield>
    <subfield code="d">NO_LOAN</subfield>
    <subfield code="f">1</subfield>
  </datafield>
</record>
